<?xml version="1.0" encoding="UTF-8"?><record xmlns="http://www.loc.gov/MARC21/slim" xmlns:cinclude="http://apache.org/cocoon/include/1.0" xmlns:zs="http://www.loc.gov/zing/srw/">
  <leader>01492cz  a2200277n  4500</leader>
  <controlfield tag="001">n  88147747 </controlfield>
  <controlfield tag="003">DLC</controlfield>
  <controlfield tag="005">20080307075532.0</controlfield>
  <controlfield tag="008">880503n| acannaabn          |a ana      </controlfield>
  <datafield tag="010" ind1=" " ind2=" ">
    <subfield code="a">n  88147747 </subfield>
  </datafield>
  <datafield tag="035" ind1=" " ind2=" ">
    <subfield code="a">(OCoLC)oca02265847</subfield>
  </datafield>
  <datafield tag="040" ind1=" " ind2=" ">
    <subfield code="a">DLC</subfield>
    <subfield code="b">eng</subfield>
    <subfield code="c">DLC</subfield>
    <subfield code="d">DLC-S</subfield>
    <subfield code="d">DLC</subfield>
    <subfield code="d">OCoLC</subfield>
  </datafield>
  <datafield tag="110" ind1="2" ind2=" ">
    <subfield code="a">Srirangam Temple</subfield>
  </datafield>
  <datafield tag="410" ind1="2" ind2=" ">
    <subfield code="a">Śrīraṅkam Araṅkanātacuvāmi Tirukkōyil</subfield>
  </datafield>
  <datafield tag="410" ind1="2" ind2=" ">
    <subfield code="a">Tiruvaraṅkam Araṅkanāta Cuvāmi Kōvil (Srīrangam, India)</subfield>
  </datafield>
  <datafield tag="410" ind1="2" ind2=" ">
    <subfield code="a">Tiruvaraṅkam Araṅkanātar Kōyil (Srīrangam, India)</subfield>
  </datafield>
  <datafield tag="410" ind1="1" ind2=" ">
    <subfield code="a">Srīrangam (India).</subfield>
    <subfield code="b">Temple of Sri Ranganath</subfield>
  </datafield>
  <datafield tag="410" ind1="2" ind2=" ">
    <subfield code="a">Tiruvaraṅkak Kōyil (Srīrangam, India)</subfield>
  </datafield>
  <datafield tag="410" ind1="1" ind2=" ">
    <subfield code="a">Srīrangam (India).</subfield>
    <subfield code="b">Temple</subfield>
  </datafield>
  <datafield tag="410" ind1="2" ind2=" ">
    <subfield code="a">Temple of Sri Ranganath (Srīrangam, India)</subfield>
  </datafield>
  <datafield tag="410" ind1="2" ind2=" ">
    <subfield code="a">Araṅkanātacuvāmi Tirukkōyil (Srīrangam, India)</subfield>
  </datafield>
  <datafield tag="410" ind1="2" ind2=" ">
    <subfield code="a">Srī Ranganāthaswāmi (Temple)</subfield>
  </datafield>
  <datafield tag="670" ind1=" " ind2=" ">
    <subfield code="a">Cuppiramaṇiyan, Pa. Tiruvaraṅka Rājakōpuram, 1987:</subfield>
    <subfield code="b">p. vī (Śrīraṅkam Araṅkanātacuvāmi Tirukkōyil) p. ix (Tiruvaraṅkam Araṅkanāta Cuvāmi Kōvil) p. 1 (Tiruvaraṅkam Araṅkanātar Kōyil) p. 18 (Tiruvaraṅkak Kōyil)</subfield>
  </datafield>
  <datafield tag="670" ind1=" " ind2=" ">
    <subfield code="a">LC data base, 5/5/88</subfield>
    <subfield code="b">(hdgs: Srirangam Temple; Srirangam, India. Temple of Sri Ranganath)</subfield>
  </datafield>
  <datafield tag="670" ind1=" " ind2=" ">
    <subfield code="a">Its Ur̲cava kāla aṭṭvaṇai, Pirajōtpatti varuṭam:</subfield>
    <subfield code="b">t.p. (Arṅkanātacuvāmi Tirukkōyil, Tiruvaraṅkam)</subfield>
  </datafield>
  <datafield tag="670" ind1=" " ind2=" ">
    <subfield code="a">Srī Ranganāthaswāmi, 1969:</subfield>
    <subfield code="b">t.p. (A temple of Vishnu in Srirangam, Madras, India)</subfield>
  </datafield>
</record>